@article{karaman2011sampling,
  title={Sampling-based algorithms for optimal motion planning},
  author={Karaman, Sertac and Frazzoli, Emilio},
  journal={The international journal of robotics research},
  volume={30},
  number={7},
  pages={846--894},
  year={2011},
  publisher={Sage Publications Sage UK: London, England}
}

@article{lavalle2000rapidly,
  title={Rapidly-exploring random trees: Progress and prospects},
  author={LaValle, Steven M and Kuffner Jr, James J},
  year={2000},
  publisher={Citeseer}
}

@inproceedings{alcazar2011adapting,
  title={Adapting a rapidly-exploring random tree for automated planning},
  author={Alc{\'a}zar, Vidal and Veloso, Manuela and Borrajo, Daniel},
  booktitle={Fourth Annual Symposium on Combinatorial Search},
  year={2011}
}

@inproceedings{morgan2004sampling,
  title={Sampling-based planning for discrete spaces},
  author={Morgan, Stuart and Branicky, Michael S},
  booktitle={Intelligent Robots and Systems, 2004.(IROS 2004). Proceedings. 2004 IEEE/RSJ International Conference on},
  volume={2},
  pages={1938--1945},
  year={2004},
  organization={IEEE}
}

@inproceedings{burfoot2006rrt,
  title={RRT-Plan: A Randomized Algorithm for STRIPS Planning.},
  author={Burfoot, Daniel and Pineau, Joelle and Dudek, Gregory},
  booktitle={ICAPS},
  pages={362--365},
  year={2006}
}

@article{jaillet2010sampling,
  title={Sampling-based path planning on configuration-space costmaps},
  author={Jaillet, L{\'e}onard and Cort{\'e}s, Juan and Sim{\'e}on, Thierry},
  journal={IEEE Transactions on Robotics},
  volume={26},
  number={4},
  pages={635--646},
  year={2010},
  publisher={IEEE}
}